<?xml version="1.0" encoding="UTF-8" ?><marc:collection xmlns:marc="http://www.loc.gov/MARC21/slim" xmlns:xsi="http://www.w3.org/2001/XMLSchema-instance" xsi:schemaLocation="http://www.loc.gov/MARC21/slim http://www.loc.gov/standards/marcxml/schema/MARC21slim.xsd">
<marc:record><marc:leader>01981cpc a2200337Ia 450 </marc:leader>
<marc:controlfield tag="001">002143892</marc:controlfield>
<marc:controlfield tag="003">OCoLC</marc:controlfield><marc:controlfield tag="005">20121017145742.0</marc:controlfield><marc:controlfield tag="008">960724i18881935vp                  eng d</marc:controlfield><marc:datafield tag="035" ind1=" " ind2=" "><marc:subfield code="a">35130008</marc:subfield></marc:datafield><marc:datafield tag="040" ind1=" " ind2=" "><marc:subfield code="a">NDK</marc:subfield><marc:subfield code="c">NDK</marc:subfield></marc:datafield><marc:datafield tag="049" ind1=" " ind2=" "><marc:subfield code="a">NDNX</marc:subfield></marc:datafield><marc:datafield tag="096" ind1=" " ind2=" "><marc:subfield code="a">x</marc:subfield></marc:datafield><marc:datafield tag="100" ind1="1" ind2=" "><marc:subfield code="a">Kelly, Howard A.</marc:subfield><marc:subfield code="q">(Howard Atwood),</marc:subfield><marc:subfield code="d">1858-1943.</marc:subfield></marc:datafield><marc:datafield tag="245" ind1="1" ind2="0"><marc:subfield code="a">Papers,</marc:subfield><marc:subfield code="f">1888-1935 and undated.</marc:subfield></marc:datafield><marc:datafield tag="300" ind1=" " ind2=" "><marc:subfield code="a">116</marc:subfield><marc:subfield code="f">items.</marc:subfield></marc:datafield><marc:datafield tag="545" ind1=" " ind2=" "><marc:subfield code="a">U. S. gynecologist and surgeon.</marc:subfield></marc:datafield><marc:datafield tag="520" ind1="8" ind2=" "><marc:subfield code="a">ALS, TLS, cards and reprints. Correspondence to Kelly from Ernest Watson Cushing; from Benjamin Frantz, on the earliest use of ether and chloroform; from William Halsted, on gynecological surgery; from William W. Keen, on yellow fever; from Fielding H. Garrison, on medical history; from D'Arcy Power; and from H. S. Jennings, on evolution. Sir Alexander Russell Simpson, Evelyn Blantyre Simpson, and James Young Simpson, all relatives of Sir James Young Simpson, relate family news. William H. Welch, friend and colleague, writes on personal and professional matters, including the faculty and staff at the Johns Hopkins Medical School, Osler and the founding of the Medical School, medical ethics, the organization of the military medical services, and World War I.</marc:subfield></marc:datafield><marc:datafield tag="500" ind1=" " ind2=" "><marc:subfield code="a">Forms part of the Trent Manuscripts Collection.</marc:subfield></marc:datafield><marc:datafield tag="600" ind1="1" ind2="2"><marc:subfield code="a">Osler, William,</marc:subfield><marc:subfield code="c">Sir,</marc:subfield><marc:subfield code="d">1849-1919.</marc:subfield></marc:datafield><marc:datafield tag="710" ind1="2" ind2=" "><marc:subfield code="a">History of Medicine Collections (Duke University)</marc:subfield></marc:datafield><marc:datafield tag="700" ind1="1" ind2="2"><marc:subfield code="a">Cushing, Ernest Watson,</marc:subfield><marc:subfield code="d">1847-1916.</marc:subfield></marc:datafield><marc:datafield tag="700" ind1="1" ind2="2"><marc:subfield code="a">Halsted, William,</marc:subfield><marc:subfield code="d">1852-1922.</marc:subfield></marc:datafield><marc:datafield tag="700" ind1="1" ind2="2"><marc:subfield code="a">Keen, William W.</marc:subfield><marc:subfield code="q">(William Williams),</marc:subfield><marc:subfield code="d">1837-1932.</marc:subfield></marc:datafield><marc:datafield tag="700" ind1="1" ind2="2"><marc:subfield code="a">Garrison, Fielding H.</marc:subfield><marc:subfield code="q">(Fielding Hudson),</marc:subfield><marc:subfield code="d">1870-1935.</marc:subfield></marc:datafield><marc:datafield tag="700" ind1="1" ind2="2"><marc:subfield code="a">Power, D'Arcy,</marc:subfield><marc:subfield code="c">Sir,</marc:subfield><marc:subfield code="d">1855-1941.</marc:subfield></marc:datafield><marc:datafield tag="700" ind1="1" ind2="2"><marc:subfield code="a">Jennings, H. S.</marc:subfield><marc:subfield code="q">(Herbert Spencer),</marc:subfield><marc:subfield code="d">1868-1947.</marc:subfield></marc:datafield><marc:datafield tag="700" ind1="1" ind2="2"><marc:subfield code="a">Simpson, A. R.</marc:subfield><marc:subfield code="q">(Alexander Russell),</marc:subfield><marc:subfield code="d">1835-1916.</marc:subfield></marc:datafield><marc:datafield tag="700" ind1="1" ind2="2"><marc:subfield code="a">Simpson, E. Blantyre</marc:subfield><marc:subfield code="q">(Evelyn Blantyre),</marc:subfield><marc:subfield code="d">1856-1920.</marc:subfield></marc:datafield><marc:datafield tag="700" ind1="1" ind2="2"><marc:subfield code="a">Simpson, James Y.</marc:subfield><marc:subfield code="q">(James Young),</marc:subfield><marc:subfield code="d">1873-1934.</marc:subfield></marc:datafield><marc:datafield tag="700" ind1="1" ind2="2"><marc:subfield code="a">Welch, William Henry,</marc:subfield><marc:subfield code="d">1850-1934.</marc:subfield></marc:datafield></marc:record>
</marc:collection>
